@article{Teich:89,
author = {Malvin C. Teich and Paul Diament},
journal = {Journal of the Optical Society of America A},
keywords = {Irradiance; Laser light; Light propagation; Light sources; Statistics; Transforms},
number = {1},
pages = {80--91},
publisher = {Optica Publishing Group},
title = {Multiply stochastic representations for K distributions and their Poisson transforms},
volume = {6},
month = {Jan},
year = {1989},
url = {https://opg.optica.org/josaa/abstract.cfm?URI=josaa-6-1-80},
doi = {10.1364/JOSAA.6.000080},
}


@book{Goodman2007,
  title={Speckle Phenomena in Optics: Theory and Applications},
  author={Goodman, J.W.},
  isbn={9780974707792},
  lccn={2006028325},
  url={https://books.google.fr/books?id=TynXEcS0DncC},
  year={2007},
  publisher={Roberts \& Company}
}

@BOOK{Kendall63_2a,
  AUTHOR =       {Kendall, M. G. and Stuart, A.},
  TITLE =        {The advanced theory of statistics},
  PUBLISHER =    {Griffin},
  volume =       {2a},
  YEAR =         {1963}
}
